<?xml version="1.0" encoding="UTF-8"?>
<collection xmlns="http://www.loc.gov/MARC21/slim">
  <record type="Authority">
    <leader>00000nz  a2200000o  4500</leader>
    <controlfield tag="001">10000007X</controlfield>
    <controlfield tag="003">DE-101</controlfield>
    <controlfield tag="005">20130814084840.0</controlfield>
    <controlfield tag="008">900615n||aznnnabbn           | aba    |c</controlfield>
    <datafield tag="024" ind1="7" ind2=" ">
      <subfield code="a">http://d-nb.info/gnd/10000007X</subfield>
      <subfield code="2">uri</subfield>
    </datafield>
    <datafield tag="035" ind1=" " ind2=" ">
      <subfield code="a">(DE-101)10000007X</subfield>
    </datafield>
    <datafield tag="035" ind1=" " ind2=" ">
      <subfield code="a">(DE-588)10000007X</subfield>
    </datafield>
    <datafield tag="035" ind1=" " ind2=" ">
      <subfield code="z">(DE-588a)10000007X</subfield>
      <subfield code="9">v:zg</subfield>
    </datafield>
    <datafield tag="035" ind1=" " ind2=" ">
      <subfield code="z">(DE-588a)137113560</subfield>
    </datafield>
    <datafield tag="040" ind1=" " ind2=" ">
      <subfield code="a">DE-12</subfield>
      <subfield code="9">r:DE-12</subfield>
      <subfield code="b">ger</subfield>
      <subfield code="d">1403</subfield>
    </datafield>
    <datafield tag="079" ind1=" " ind2=" ">
      <subfield code="a">g</subfield>
      <subfield code="b">n</subfield>
      <subfield code="c">3</subfield>
      <subfield code="q">f</subfield>
      <subfield code="u">v</subfield>
      <subfield code="u">m</subfield>
    </datafield>
    <datafield tag="100" ind1="1" ind2=" ">
      <subfield code="a">Kühn, Rolf</subfield>
    </datafield>
    <datafield tag="913" ind1=" " ind2=" ">
      <subfield code="S">pnd</subfield>
      <subfield code="i">a</subfield>
      <subfield code="a">Kühn, Rolf</subfield>
      <subfield code="0">(DE-588a)10000007X</subfield>
    </datafield>
  </record>