
  <record type="Authority">
    <leader>00000nz  a2200000o  4500</leader>
    <controlfield tag="001">100000282</controlfield>
    <controlfield tag="003">DE-101</controlfield>
    <controlfield tag="005">20080405153002.0</controlfield>
    <controlfield tag="008">900615n||aznnnabbn           | aba    |c</controlfield>
    <datafield tag="024" ind1="7" ind2=" ">
      <subfield code="a">http://d-nb.info/gnd/100000282</subfield>
      <subfield code="2">uri</subfield>
    </datafield>
    <datafield tag="035" ind1=" " ind2=" ">
      <subfield code="a">(DE-101)100000282</subfield>
    </datafield>
    <datafield tag="035" ind1=" " ind2=" ">
      <subfield code="a">(DE-588)100000282</subfield>
    </datafield>
    <datafield tag="035" ind1=" " ind2=" ">
      <subfield code="z">(DE-588a)100000282</subfield>
      <subfield code="9">v:zg</subfield>
    </datafield>
    <datafield tag="040" ind1=" " ind2=" ">
      <subfield code="a">DE-12</subfield>
      <subfield code="9">r:DE-12</subfield>
      <subfield code="b">ger</subfield>
      <subfield code="d">9999</subfield>
    </datafield>
    <datafield tag="079" ind1=" " ind2=" ">
      <subfield code="a">g</subfield>
      <subfield code="b">n</subfield>
      <subfield code="c">3</subfield>
      <subfield code="q">a</subfield>
      <subfield code="q">f</subfield>
      <subfield code="u">v</subfield>
    </datafield>
    <datafield tag="100" ind1="1" ind2=" ">
      <subfield code="a">Valentini, Carlo</subfield>
    </datafield>
    <datafield tag="667" ind1=" " ind2=" ">
      <subfield code="a">12</subfield>
    </datafield>
    <datafield tag="667" ind1=" " ind2=" ">
      <subfield code="a">PND-Grundbestand;Maschinell verknuepft mit DBL-Retro-Titeldaten</subfield>
    </datafield>
    <datafield tag="692" ind1=" " ind2=" ">
      <subfield code="a">Valentini, Carlo: Amina ovvero L'Orfanella da Ginevra. - 1825</subfield>
    </datafield>
    <datafield tag="692" ind1=" " ind2=" ">
      <subfield code="a">Valentini, Carlo: Ferdinando Secondo, Granduca di Toscana. - 1831</subfield>
    </datafield>
    <datafield tag="692" ind1=" " ind2=" ">
      <subfield code="a">Valentini, Carlo: Il figlio del signor padre. - 1830</subfield>
    </datafield>
    <datafield tag="913" ind1=" " ind2=" ">
      <subfield code="S">pnd</subfield>
      <subfield code="i">a</subfield>
      <subfield code="a">Valentini, Carlo</subfield>
      <subfield code="0">(DE-588a)100000282</subfield>
    </datafield>
  </record>