
  <record type="Authority">
    <leader>00000nz  a2200000o  4500</leader>
    <controlfield tag="001">100000444</controlfield>
    <controlfield tag="003">DE-101</controlfield>
    <controlfield tag="005">20080405153002.0</controlfield>
    <controlfield tag="008">900615n||aznnnabbn           | aba    |c</controlfield>
    <datafield tag="024" ind1="7" ind2=" ">
      <subfield code="a">http://d-nb.info/gnd/100000444</subfield>
      <subfield code="2">uri</subfield>
    </datafield>
    <datafield tag="035" ind1=" " ind2=" ">
      <subfield code="a">(DE-101)100000444</subfield>
    </datafield>
    <datafield tag="035" ind1=" " ind2=" ">
      <subfield code="a">(DE-588)100000444</subfield>
    </datafield>
    <datafield tag="035" ind1=" " ind2=" ">
      <subfield code="z">(DE-588a)100000444</subfield>
      <subfield code="9">v:zg</subfield>
    </datafield>
    <datafield tag="040" ind1=" " ind2=" ">
      <subfield code="a">DE-12</subfield>
      <subfield code="9">r:DE-12</subfield>
      <subfield code="b">ger</subfield>
      <subfield code="d">9999</subfield>
    </datafield>
    <datafield tag="079" ind1=" " ind2=" ">
      <subfield code="a">g</subfield>
      <subfield code="b">n</subfield>
      <subfield code="c">6</subfield>
      <subfield code="q">a</subfield>
      <subfield code="q">f</subfield>
    </datafield>
    <datafield tag="100" ind1="1" ind2=" ">
      <subfield code="a">Ammon, Friedrich W. &#152;von&#156;</subfield>
    </datafield>
    <datafield tag="400" ind1="1" ind2=" ">
      <subfield code="a">Ammon, Fridericus W.</subfield>
    </datafield>
    <datafield tag="400" ind1="1" ind2=" ">
      <subfield code="a">Ammon, Friedrich W.</subfield>
    </datafield>
    <datafield tag="667" ind1=" " ind2=" ">
      <subfield code="a">12</subfield>
    </datafield>
    <datafield tag="667" ind1=" " ind2=" ">
      <subfield code="a">7</subfield>
    </datafield>
    <datafield tag="667" ind1=" " ind2=" ">
      <subfield code="a">PND-Grundbestand</subfield>
    </datafield>
    <datafield tag="692" ind1=" " ind2=" ">
      <subfield code="a">Ammon, Friedrich W. von: Zwei Predigten am 100 jährigen Jubiläum der Neustädter Kirche *. - [1837]</subfield>
    </datafield>
    <datafield tag="692" ind1=" " ind2=" ">
      <subfield code="a">Ammon, Friedrich W. von: Rudolph's und Ida's Briefe über die Unterscheidungslehren der *. - 1827</subfield>
    </datafield>
    <datafield tag="692" ind1=" " ind2=" ">
      <subfield code="a">Ammon, Friedrich W. von: Denkmal der dritten Säcular-Feier der Übergabe der Augsburger *. - 1831</subfield>
    </datafield>
    <datafield tag="692" ind1=" " ind2=" ">
      <subfield code="a">Ammon, Friedrich W. von: Gallerie der denkwürdigsten Personen, welche im XVI.XVII. und *. - 1833</subfield>
    </datafield>
    <datafield tag="692" ind1=" " ind2=" ">
      <subfield code="a">Ammon, Friedrich W. von: Über die Hoffnung einer ... Vereinigung beider protestant. Kir*. - 1818</subfield>
    </datafield>
    <datafield tag="692" ind1=" " ind2=" ">
      <subfield code="a">Ammon, Friedrich W. von: Evangelisches Jubelfestbuch zur dritten Säcularfeier der Augsb*. - 1829</subfield>
    </datafield>
    <datafield tag="692" ind1=" " ind2=" ">
      <subfield code="a">Ammon, Friedrich W. von: Geiler von Kayserbergs Leben, Lehren und Predigen. - 1826</subfield>
    </datafield>
    <datafield tag="692" ind1=" " ind2=" ">
      <subfield code="a">Ammon, Friedrich W. von: Luther, wie er sich selbst schildert. - 1829</subfield>
    </datafield>
    <datafield tag="692" ind1=" " ind2=" ">
      <subfield code="a">Ammon, Friedrich W. von: Andachtsbuch für Christen evangelischen Sinnes. - 1820</subfield>
    </datafield>
    <datafield tag="692" ind1=" " ind2=" ">
      <subfield code="a">Ammon, Friedrich W. von: Gallerie der denkwürdigsten Personen, welche im XVI., XVII. un*. - 1833</subfield>
    </datafield>
    <datafield tag="913" ind1=" " ind2=" ">
      <subfield code="S">pnd</subfield>
      <subfield code="i">a</subfield>
      <subfield code="a">Ammon, Friedrich W. /von</subfield>
      <subfield code="0">(DE-588a)100000444</subfield>
    </datafield>
  </record>